<record><leader>00000cas a22000007a 4500</leader><controlfield tag="001">24534385</controlfield><controlfield tag="008">911011d190019uuncudn ne      0    0eng d</controlfield><datafield ind1=" " ind2=" " tag="010"><subfield code="a">sn 91068398 </subfield></datafield><datafield ind1=" " ind2=" " tag="040"><subfield code="a">NVJ</subfield><subfield code="b">eng</subfield><subfield code="c">NVJ</subfield><subfield code="d">OCLCQ</subfield></datafield><datafield ind1=" " ind2=" " tag="042"><subfield code="a">msc</subfield></datafield><datafield ind1="0" ind2=" " tag="130"><subfield code="a">Evening herald (Henderson, N.C.)</subfield></datafield><datafield ind1="1" ind2="0" tag="245"><subfield code="a">Evening herald.</subfield></datafield><datafield ind1=" " ind2=" " tag="260"><subfield code="a">Henderson, N.C. :</subfield><subfield code="b">Will X. Coley</subfield></datafield><datafield ind1=" " ind2=" " tag="300"><subfield code="a">v.</subfield></datafield><datafield ind1=" " ind2=" " tag="310"><subfield code="a">Daily (except Sunday)</subfield></datafield><datafield ind1="1" ind2=" " tag="362"><subfield code="a">Began on Mar. 29, 1900.</subfield></datafield><datafield ind1=" " ind2=" " tag="588"><subfield code="a">Description based on: Vol. 1, no. 3 (Mar. 31, 1900).</subfield></datafield><datafield ind1=" " ind2=" " tag="752"><subfield code="a">United States</subfield><subfield code="b">North Carolina</subfield><subfield code="c">Vance</subfield><subfield code="d">Henderson.</subfield></datafield></record>